!Account 
NCash
TCash
^ 
!Type:Cash 
D05-01-2016 
T500.00 
PActivity Charge (Upcoming Year) 
LINCOME:Activity Charge (Upcoming Year) 
^ 
!Account 
NCash
TCash
^ 
!Type:Cash 
D05-01-2016 
T7000.00 
PAdmission Fee (Upcoming Year) 
LINCOME:Admission Fee (Upcoming Year) 
^ 
!Account 
NCash
TCash
^ 
!Type:Cash 
D05-01-2016 
T200.00 
PComputer Fee (Upcoming Year) 
LINCOME:Computer Fee (Upcoming Year) 
^ 
!Account 
NCash
TCash
^ 
!Type:Cash 
D05-01-2016 
T500.00 
PComputer Induction Fee (Upcoming Year) 
LINCOME:Computer Induction Fee (Upcoming Year) 
^ 
!Account 
NCash
TCash
^ 
!Type:Cash 
D05-01-2016 
T300.00 
PCelebration Fee (Upcoming Year) 
LINCOME:Celebration Fee (Upcoming Year) 
^ 
!Account 
NCash
TCash
^ 
!Type:Cash 
D05-01-2016 
T1500.00 
PSession Fee (Upcoming Year) 
LINCOME:Session Fee (Upcoming Year) 
^ 
!Account 
NCash
TCash
^ 
!Type:Cash 
D05-01-2016 
T5700.00 
PTuition Fee (Upcoming Year) 
LINCOME:Tuition Fee (Upcoming Year) 
^ 
!Account 
NCash
TCash
^ 
!Type:Cash 
D05-01-2016 
T20.00 
PFine (Upcoming Year) 
LINCOME:Fine (Upcoming Year) 
^ 
!Account 
NCash
TCash
^ 
!Type:Cash 
D05-01-2016 
T1400.00 
PTransport Fee
LINCOME:Transport Fee
^ 
!Account 
NCash
TCash
^ 
!Type:Cash 
D06-01-2016 
T500.00 
PActivity Charge (Upcoming Year) 
LINCOME:Activity Charge (Upcoming Year) 
^ 
!Account 
NCash
TCash
^ 
!Type:Cash 
D06-01-2016 
T6000.00 
PAdmission Fee (Upcoming Year) 
LINCOME:Admission Fee (Upcoming Year) 
^ 
!Account 
NCash
TCash
^ 
!Type:Cash 
D06-01-2016 
T400.00 
PComputer Fee
LINCOME:Computer Fee
^ 
!Account 
NCash
TCash
^ 
!Type:Cash 
D06-01-2016 
T300.00 
PCelebration Fee (Upcoming Year) 
LINCOME:Celebration Fee (Upcoming Year) 
^ 
!Account 
NCash
TCash
^ 
!Type:Cash 
D06-01-2016 
T2000.00 
PSession Fee (Upcoming Year) 
LINCOME:Session Fee (Upcoming Year) 
^ 
!Account 
NCash
TCash
^ 
!Type:Cash 
D06-01-2016 
T2900.00 
PTuition Fee (Upcoming Year) 
LINCOME:Tuition Fee (Upcoming Year) 
^ 
!Account 
NCash
TCash
^ 
!Type:Cash 
D06-01-2016 
T20.00 
PFine (Upcoming Year) 
LINCOME:Fine (Upcoming Year) 
^ 
!Account 
NCash
TCash
^ 
!Type:Cash 
D06-01-2016 
T1600.00 
PTransport Fee
LINCOME:Transport Fee
^ 
!Account 
NCash
TCash
^ 
!Type:Cash 
D07-01-2016 
T200.00 
PComputer Fee
LINCOME:Computer Fee
^ 
!Account 
NCash
TCash
^ 
!Type:Cash 
D07-01-2016 
T2900.00 
PTuition Fee
LINCOME:Tuition Fee
^ 
!Account 
NCash
TCash
^ 
!Type:Cash 
D07-01-2016 
T20.00 
PFine
LINCOME:Fine
^ 
!Account 
NCash
TCash
^ 
!Type:Cash 
D07-01-2016 
T1500.00 
PTransport Fee
LINCOME:Transport Fee
^ 
!Account 
NCash
TCash
^ 
!Type:Cash 
D08-01-2016 
T200.00 
PComputer Fee
LINCOME:Computer Fee
^ 
!Account 
NCash
TCash
^ 
!Type:Cash 
D08-01-2016 
T2900.00 
PTuition Fee
LINCOME:Tuition Fee
^ 
!Account 
NCash
TCash
^ 
!Type:Cash 
D08-01-2016 
T400.00 
PTransport Fee
LINCOME:Transport Fee
^ 
!Account 
NCash
TCash
^ 
!Type:Cash 
D09-01-2016 
T2700.00 
PTuition Fee
LINCOME:Tuition Fee
^ 
!Account 
NCash
TCash
^ 
!Type:Cash 
D09-01-2016 
T20.00 
PFine
LINCOME:Fine
^ 
!Account 
NCash
TCash
^ 
!Type:Cash 
D09-01-2016 
T1300.00 
PTransport Fee
LINCOME:Transport Fee
^ 
!Account 
NCash
TCash
^ 
!Type:Cash 
D11-01-2016 
T500.00 
PActivity Charge (Upcoming Year) 
LINCOME:Activity Charge (Upcoming Year) 
^ 
!Account 
NCash
TCash
^ 
!Type:Cash 
D11-01-2016 
T7000.00 
PAdmission Fee (Upcoming Year) 
LINCOME:Admission Fee (Upcoming Year) 
^ 
!Account 
NCash
TCash
^ 
!Type:Cash 
D11-01-2016 
T750.00 
PComputer Fee (Upcoming Year) 
LINCOME:Computer Fee (Upcoming Year) 
^ 
!Account 
NCash
TCash
^ 
!Type:Cash 
D11-01-2016 
T500.00 
PComputer Induction Fee (Upcoming Year) 
LINCOME:Computer Induction Fee (Upcoming Year) 
^ 
!Account 
NCash
TCash
^ 
!Type:Cash 
D11-01-2016 
T300.00 
PCelebration Fee (Upcoming Year) 
LINCOME:Celebration Fee (Upcoming Year) 
^ 
!Account 
NCash
TCash
^ 
!Type:Cash 
D11-01-2016 
T2000.00 
PSession Fee (Upcoming Year) 
LINCOME:Session Fee (Upcoming Year) 
^ 
!Account 
NCash
TCash
^ 
!Type:Cash 
D11-01-2016 
T9800.00 
PTuition Fee (Upcoming Year) 
LINCOME:Tuition Fee (Upcoming Year) 
^ 
!Account 
NCash
TCash
^ 
!Type:Cash 
D11-01-2016 
T50.00 
PFine (Upcoming Year) 
LINCOME:Fine (Upcoming Year) 
^ 
!Account 
NCash
TCash
^ 
!Type:Cash 
D11-01-2016 
T2900.00 
PTransport Fee
LINCOME:Transport Fee
^ 
!Account 
NCash
TCash
^ 
!Type:Cash 
D12-01-2016 
T500.00 
PActivity Charge (Upcoming Year) 
LINCOME:Activity Charge (Upcoming Year) 
^ 
!Account 
NCash
TCash
^ 
!Type:Cash 
D12-01-2016 
T6000.00 
PAdmission Fee (Upcoming Year) 
LINCOME:Admission Fee (Upcoming Year) 
^ 
!Account 
NCash
TCash
^ 
!Type:Cash 
D12-01-2016 
T700.00 
PComputer Fee
LINCOME:Computer Fee
^ 
!Account 
NCash
TCash
^ 
!Type:Cash 
D12-01-2016 
T300.00 
PCelebration Fee (Upcoming Year) 
LINCOME:Celebration Fee (Upcoming Year) 
^ 
!Account 
NCash
TCash
^ 
!Type:Cash 
D12-01-2016 
T2000.00 
PSession Fee (Upcoming Year) 
LINCOME:Session Fee (Upcoming Year) 
^ 
!Account 
NCash
TCash
^ 
!Type:Cash 
D12-01-2016 
T12500.00 
PTuition Fee (Upcoming Year) 
LINCOME:Tuition Fee (Upcoming Year) 
^ 
!Account 
NCash
TCash
^ 
!Type:Cash 
D12-01-2016 
T40.00 
PFine (Upcoming Year) 
LINCOME:Fine (Upcoming Year) 
^ 
!Account 
NCash
TCash
^ 
!Type:Cash 
D12-01-2016 
T4000.00 
PTransport Fee
LINCOME:Transport Fee
^ 
!Account 
NCash
TCash
^ 
!Type:Cash 
D13-01-2016 
T500.00 
PActivity Charge (Upcoming Year) 
LINCOME:Activity Charge (Upcoming Year) 
^ 
!Account 
NCash
TCash
^ 
!Type:Cash 
D13-01-2016 
T6000.00 
PAdmission Fee (Upcoming Year) 
LINCOME:Admission Fee (Upcoming Year) 
^ 
!Account 
NCash
TCash
^ 
!Type:Cash 
D13-01-2016 
T700.00 
PComputer Fee
LINCOME:Computer Fee
^ 
!Account 
NCash
TCash
^ 
!Type:Cash 
D13-01-2016 
T300.00 
PCelebration Fee (Upcoming Year) 
LINCOME:Celebration Fee (Upcoming Year) 
^ 
!Account 
NCash
TCash
^ 
!Type:Cash 
D13-01-2016 
T1200.00 
PSession Fee (Upcoming Year) 
LINCOME:Session Fee (Upcoming Year) 
^ 
!Account 
NCash
TCash
^ 
!Type:Cash 
D13-01-2016 
T12500.00 
PTuition Fee (Upcoming Year) 
LINCOME:Tuition Fee (Upcoming Year) 
^ 
!Account 
NCash
TCash
^ 
!Type:Cash 
D13-01-2016 
T70.00 
PFine (Upcoming Year) 
LINCOME:Fine (Upcoming Year) 
^ 
!Account 
NCash
TCash
^ 
!Type:Cash 
D13-01-2016 
T3500.00 
PTransport Fee
LINCOME:Transport Fee
^ 
!Account 
NCash
TCash
^ 
!Type:Cash 
D14-01-2016 
T700.00 
PComputer Fee
LINCOME:Computer Fee
^ 
!Account 
NCash
TCash
^ 
!Type:Cash 
D14-01-2016 
T12400.00 
PTuition Fee
LINCOME:Tuition Fee
^ 
!Account 
NCash
TCash
^ 
!Type:Cash 
D14-01-2016 
T50.00 
PFine
LINCOME:Fine
^ 
!Account 
NCash
TCash
^ 
!Type:Cash 
D14-01-2016 
T4000.00 
PTransport Fee
LINCOME:Transport Fee
^ 
!Account 
NCash
TCash
^ 
!Type:Cash 
D16-01-2016 
T3600.00 
PTuition Fee
LINCOME:Tuition Fee
^ 
!Account 
NCash
TCash
^ 
!Type:Cash 
D16-01-2016 
T40.00 
PFine
LINCOME:Fine
^ 
!Account 
NCash
TCash
^ 
!Type:Cash 
D16-01-2016 
T1400.00 
PTransport Fee
LINCOME:Transport Fee
^ 
!Account 
NCash
TCash
^ 
!Type:Cash 
D18-01-2016 
T1500.00 
PActivity Charge (Upcoming Year) 
LINCOME:Activity Charge (Upcoming Year) 
^ 
!Account 
NCash
TCash
^ 
!Type:Cash 
D18-01-2016 
T17500.00 
PAdmission Fee (Upcoming Year) 
LINCOME:Admission Fee (Upcoming Year) 
^ 
!Account 
NCash
TCash
^ 
!Type:Cash 
D18-01-2016 
T650.00 
PComputer Fee (Upcoming Year) 
LINCOME:Computer Fee (Upcoming Year) 
^ 
!Account 
NCash
TCash
^ 
!Type:Cash 
D18-01-2016 
T1000.00 
PComputer Induction Fee (Upcoming Year) 
LINCOME:Computer Induction Fee (Upcoming Year) 
^ 
!Account 
NCash
TCash
^ 
!Type:Cash 
D18-01-2016 
T900.00 
PCelebration Fee (Upcoming Year) 
LINCOME:Celebration Fee (Upcoming Year) 
^ 
!Account 
NCash
TCash
^ 
!Type:Cash 
D18-01-2016 
T4000.00 
PSession Fee (Upcoming Year) 
LINCOME:Session Fee (Upcoming Year) 
^ 
!Account 
NCash
TCash
^ 
!Type:Cash 
D18-01-2016 
T11700.00 
PTuition Fee (Upcoming Year) 
LINCOME:Tuition Fee (Upcoming Year) 
^ 
!Account 
NCash
TCash
^ 
!Type:Cash 
D18-01-2016 
T100.00 
PFine (Upcoming Year) 
LINCOME:Fine (Upcoming Year) 
^ 
!Account 
NCash
TCash
^ 
!Type:Cash 
D18-01-2016 
T1500.00 
PTransport Fee
LINCOME:Transport Fee
^ 
!Account 
NCash
TCash
^ 
!Type:Cash 
D19-01-2016 
T300.00 
PComputer Fee
LINCOME:Computer Fee
^ 
!Account 
NCash
TCash
^ 
!Type:Cash 
D19-01-2016 
T3000.00 
PTuition Fee
LINCOME:Tuition Fee
^ 
!Account 
NCash
TCash
^ 
!Type:Cash 
D19-01-2016 
T60.00 
PFine
LINCOME:Fine
^ 
!Account 
NCash
TCash
^ 
!Type:Cash 
D19-01-2016 
T900.00 
PTransport Fee
LINCOME:Transport Fee
^ 
!Account 
NCash
TCash
^ 
!Type:Cash 
D20-01-2016 
T500.00 
PActivity Charge (Upcoming Year) 
LINCOME:Activity Charge (Upcoming Year) 
^ 
!Account 
NCash
TCash
^ 
!Type:Cash 
D20-01-2016 
T6000.00 
PAdmission Fee (Upcoming Year) 
LINCOME:Admission Fee (Upcoming Year) 
^ 
!Account 
NCash
TCash
^ 
!Type:Cash 
D20-01-2016 
T500.00 
PComputer Fee
LINCOME:Computer Fee
^ 
!Account 
NCash
TCash
^ 
!Type:Cash 
D20-01-2016 
T300.00 
PCelebration Fee (Upcoming Year) 
LINCOME:Celebration Fee (Upcoming Year) 
^ 
!Account 
NCash
TCash
^ 
!Type:Cash 
D20-01-2016 
T2000.00 
PSession Fee (Upcoming Year) 
LINCOME:Session Fee (Upcoming Year) 
^ 
!Account 
NCash
TCash
^ 
!Type:Cash 
D20-01-2016 
T6900.00 
PTuition Fee (Upcoming Year) 
LINCOME:Tuition Fee (Upcoming Year) 
^ 
!Account 
NCash
TCash
^ 
!Type:Cash 
D20-01-2016 
T150.00 
PFine (Upcoming Year) 
LINCOME:Fine (Upcoming Year) 
^ 
!Account 
NCash
TCash
^ 
!Type:Cash 
D20-01-2016 
T2800.00 
PTransport Fee
LINCOME:Transport Fee
^ 
!Account 
NCash
TCash
^ 
!Type:Cash 
D21-01-2016 
T1000.00 
PActivity Charge (Upcoming Year) 
LINCOME:Activity Charge (Upcoming Year) 
^ 
!Account 
NCash
TCash
^ 
!Type:Cash 
D21-01-2016 
T10100.00 
PAdmission Fee (Upcoming Year) 
LINCOME:Admission Fee (Upcoming Year) 
^ 
!Account 
NCash
TCash
^ 
!Type:Cash 
D21-01-2016 
T550.00 
PComputer Fee (Upcoming Year) 
LINCOME:Computer Fee (Upcoming Year) 
^ 
!Account 
NCash
TCash
^ 
!Type:Cash 
D21-01-2016 
T500.00 
PComputer Induction Fee (Upcoming Year) 
LINCOME:Computer Induction Fee (Upcoming Year) 
^ 
!Account 
NCash
TCash
^ 
!Type:Cash 
D21-01-2016 
T600.00 
PCelebration Fee (Upcoming Year) 
LINCOME:Celebration Fee (Upcoming Year) 
^ 
!Account 
NCash
TCash
^ 
!Type:Cash 
D21-01-2016 
T2000.00 
PSession Fee (Upcoming Year) 
LINCOME:Session Fee (Upcoming Year) 
^ 
!Account 
NCash
TCash
^ 
!Type:Cash 
D21-01-2016 
T7900.00 
PTuition Fee (Upcoming Year) 
LINCOME:Tuition Fee (Upcoming Year) 
^ 
!Account 
NCash
TCash
^ 
!Type:Cash 
D21-01-2016 
T120.00 
PFine (Upcoming Year) 
LINCOME:Fine (Upcoming Year) 
^ 
!Account 
NCash
TCash
^ 
!Type:Cash 
D21-01-2016 
T2200.00 
PTransport Fee
LINCOME:Transport Fee
^ 
!Account 
NCash
TCash
^ 
!Type:Cash 
D22-01-2016 
T200.00 
PComputer Fee
LINCOME:Computer Fee
^ 
!Account 
NCash
TCash
^ 
!Type:Cash 
D22-01-2016 
T2000.00 
PTuition Fee
LINCOME:Tuition Fee
^ 
!Account 
NCash
TCash
^ 
!Type:Cash 
D22-01-2016 
T40.00 
PFine
LINCOME:Fine
^ 
!Account 
NCash
TCash
^ 
!Type:Cash 
D22-01-2016 
T600.00 
PTransport Fee
LINCOME:Transport Fee
^ 
!Account 
NCash
TCash
^ 
!Type:Cash 
D23-01-2016 
T500.00 
PComputer Fee
LINCOME:Computer Fee
^ 
!Account 
NCash
TCash
^ 
!Type:Cash 
D23-01-2016 
T6800.00 
PTuition Fee
LINCOME:Tuition Fee
^ 
!Account 
NCash
TCash
^ 
!Type:Cash 
D23-01-2016 
T100.00 
PFine
LINCOME:Fine
^ 
!Account 
NCash
TCash
^ 
!Type:Cash 
D23-01-2016 
T2200.00 
PTransport Fee
LINCOME:Transport Fee
^ 
!Account 
NCash
TCash
^ 
!Type:Cash 
D25-01-2016 
T1000.00 
PActivity Charge (Upcoming Year) 
LINCOME:Activity Charge (Upcoming Year) 
^ 
!Account 
NCash
TCash
^ 
!Type:Cash 
D25-01-2016 
T12000.00 
PAdmission Fee (Upcoming Year) 
LINCOME:Admission Fee (Upcoming Year) 
^ 
!Account 
NCash
TCash
^ 
!Type:Cash 
D25-01-2016 
T200.00 
PComputer Fee
LINCOME:Computer Fee
^ 
!Account 
NCash
TCash
^ 
!Type:Cash 
D25-01-2016 
T600.00 
PCelebration Fee (Upcoming Year) 
LINCOME:Celebration Fee (Upcoming Year) 
^ 
!Account 
NCash
TCash
^ 
!Type:Cash 
D25-01-2016 
T4000.00 
PSession Fee (Upcoming Year) 
LINCOME:Session Fee (Upcoming Year) 
^ 
!Account 
NCash
TCash
^ 
!Type:Cash 
D25-01-2016 
T4000.00 
PTuition Fee (Upcoming Year) 
LINCOME:Tuition Fee (Upcoming Year) 
^ 
!Account 
NCash
TCash
^ 
!Type:Cash 
D25-01-2016 
T40.00 
PFine (Upcoming Year) 
LINCOME:Fine (Upcoming Year) 
^ 
!Account 
NCash
TCash
^ 
!Type:Cash 
D25-01-2016 
T900.00 
PTransport Fee
LINCOME:Transport Fee
^ 
!Account 
NCash
TCash
^ 
!Type:Cash 
D26-01-2016 
T300.00 
PComputer Fee
LINCOME:Computer Fee
^ 
!Account 
NCash
TCash
^ 
!Type:Cash 
D26-01-2016 
T3900.00 
PTuition Fee
LINCOME:Tuition Fee
^ 
!Account 
NCash
TCash
^ 
!Type:Cash 
D26-01-2016 
T80.00 
PFine
LINCOME:Fine
^ 
!Account 
NCash
TCash
^ 
!Type:Cash 
D26-01-2016 
T1900.00 
PTransport Fee
LINCOME:Transport Fee
^ 
!Account 
NCash
TCash
^ 
!Type:Cash 
D27-01-2016 
T1000.00 
PActivity Charge (Upcoming Year) 
LINCOME:Activity Charge (Upcoming Year) 
^ 
!Account 
NCash
TCash
^ 
!Type:Cash 
D27-01-2016 
T12000.00 
PAdmission Fee (Upcoming Year) 
LINCOME:Admission Fee (Upcoming Year) 
^ 
!Account 
NCash
TCash
^ 
!Type:Cash 
D27-01-2016 
T100.00 
PComputer Fee
LINCOME:Computer Fee
^ 
!Account 
NCash
TCash
^ 
!Type:Cash 
D27-01-2016 
T600.00 
PCelebration Fee (Upcoming Year) 
LINCOME:Celebration Fee (Upcoming Year) 
^ 
!Account 
NCash
TCash
^ 
!Type:Cash 
D27-01-2016 
T4000.00 
PSession Fee (Upcoming Year) 
LINCOME:Session Fee (Upcoming Year) 
^ 
!Account 
NCash
TCash
^ 
!Type:Cash 
D27-01-2016 
T3000.00 
PTuition Fee (Upcoming Year) 
LINCOME:Tuition Fee (Upcoming Year) 
^ 
!Account 
NCash
TCash
^ 
!Type:Cash 
D27-01-2016 
T20.00 
PFine (Upcoming Year) 
LINCOME:Fine (Upcoming Year) 
^ 
!Account 
NCash
TCash
^ 
!Type:Cash 
D27-01-2016 
T300.00 
PTransport Fee
LINCOME:Transport Fee
^ 
!Account 
NCash
TCash
^ 
!Type:Cash 
D28-01-2016 
T500.00 
PActivity Charge (Upcoming Year) 
LINCOME:Activity Charge (Upcoming Year) 
^ 
!Account 
NCash
TCash
^ 
!Type:Cash 
D28-01-2016 
T6000.00 
PAdmission Fee (Upcoming Year) 
LINCOME:Admission Fee (Upcoming Year) 
^ 
!Account 
NCash
TCash
^ 
!Type:Cash 
D28-01-2016 
T200.00 
PComputer Fee
LINCOME:Computer Fee
^ 
!Account 
NCash
TCash
^ 
!Type:Cash 
D28-01-2016 
T300.00 
PCelebration Fee (Upcoming Year) 
LINCOME:Celebration Fee (Upcoming Year) 
^ 
!Account 
NCash
TCash
^ 
!Type:Cash 
D28-01-2016 
T2000.00 
PSession Fee (Upcoming Year) 
LINCOME:Session Fee (Upcoming Year) 
^ 
!Account 
NCash
TCash
^ 
!Type:Cash 
D28-01-2016 
T3000.00 
PTuition Fee (Upcoming Year) 
LINCOME:Tuition Fee (Upcoming Year) 
^ 
!Account 
NCash
TCash
^ 
!Type:Cash 
D28-01-2016 
T20.00 
PFine (Upcoming Year) 
LINCOME:Fine (Upcoming Year) 
^ 
!Account 
NCash
TCash
^ 
!Type:Cash 
D28-01-2016 
T600.00 
PTransport Fee
LINCOME:Transport Fee
^ 
!Account 
NCash
TCash
^ 
!Type:Cash 
D29-01-2016 
T500.00 
PActivity Charge (Upcoming Year) 
LINCOME:Activity Charge (Upcoming Year) 
^ 
!Account 
NCash
TCash
^ 
!Type:Cash 
D29-01-2016 
T7000.00 
PAdmission Fee (Upcoming Year) 
LINCOME:Admission Fee (Upcoming Year) 
^ 
!Account 
NCash
TCash
^ 
!Type:Cash 
D29-01-2016 
T200.00 
PComputer Fee (Upcoming Year) 
LINCOME:Computer Fee (Upcoming Year) 
^ 
!Account 
NCash
TCash
^ 
!Type:Cash 
D29-01-2016 
T500.00 
PComputer Induction Fee (Upcoming Year) 
LINCOME:Computer Induction Fee (Upcoming Year) 
^ 
!Account 
NCash
TCash
^ 
!Type:Cash 
D29-01-2016 
T300.00 
PCelebration Fee (Upcoming Year) 
LINCOME:Celebration Fee (Upcoming Year) 
^ 
!Account 
NCash
TCash
^ 
!Type:Cash 
D29-01-2016 
T1500.00 
PSession Fee (Upcoming Year) 
LINCOME:Session Fee (Upcoming Year) 
^ 
!Account 
NCash
TCash
^ 
!Type:Cash 
D29-01-2016 
T2100.00 
PTuition Fee (Upcoming Year) 
LINCOME:Tuition Fee (Upcoming Year) 
^ 
!Account 
NCash
TCash
^ 
!Type:Cash 
D29-01-2016 
T20.00 
PFine (Upcoming Year) 
LINCOME:Fine (Upcoming Year) 
^ 
!Account 
NCash
TCash
^ 
!Type:Cash 
D29-01-2016 
T300.00 
PTransport Fee
LINCOME:Transport Fee
^ 
!Account 
NCash
TCash
^ 
!Type:Cash 
D30-01-2016 
T500.00 
PActivity Charge (Upcoming Year) 
LINCOME:Activity Charge (Upcoming Year) 
^ 
!Account 
NCash
TCash
^ 
!Type:Cash 
D30-01-2016 
T6000.00 
PAdmission Fee (Upcoming Year) 
LINCOME:Admission Fee (Upcoming Year) 
^ 
!Account 
NCash
TCash
^ 
!Type:Cash 
D30-01-2016 
T300.00 
PCelebration Fee (Upcoming Year) 
LINCOME:Celebration Fee (Upcoming Year) 
^ 
!Account 
NCash
TCash
^ 
!Type:Cash 
D30-01-2016 
T2000.00 
PSession Fee (Upcoming Year) 
LINCOME:Session Fee (Upcoming Year) 
^ 
!Account 
NCash
TCash
^ 
!Type:Cash 
D30-01-2016 
T3700.00 
PTuition Fee (Upcoming Year) 
LINCOME:Tuition Fee (Upcoming Year) 
^ 
!Account 
NCash
TCash
^ 
!Type:Cash 
D30-01-2016 
T40.00 
PFine (Upcoming Year) 
LINCOME:Fine (Upcoming Year) 
^ 
!Account 
NCash
TCash
^ 
!Type:Cash 
D30-01-2016 
T900.00 
PTransport Fee
LINCOME:Transport Fee
^ 
!Account 
NCash
TCash
^ 
!Type:Cash 
D01-02-2016 
T400.00 
PComputer Fee
LINCOME:Computer Fee
^ 
!Account 
NCash
TCash
^ 
!Type:Cash 
D01-02-2016 
T5700.00 
PTuition Fee
LINCOME:Tuition Fee
^ 
!Account 
NCash
TCash
^ 
!Type:Cash 
D01-02-2016 
T20.00 
PFine
LINCOME:Fine
^ 
!Account 
NCash
TCash
^ 
!Type:Cash 
D01-02-2016 
T1700.00 
PTransport Fee
LINCOME:Transport Fee
^ 
!Account 
NBank
TBank
^ 
!Type:Bank 
D02-02-2016 
T500.00 
PActivity Charge (Upcoming Year) 
LINCOME:Activity Charge (Upcoming Year) 
^ 
!Account 
NBank
TBank
^ 
!Type:Bank 
D02-02-2016 
T6000.00 
PAdmission Fee (Upcoming Year) 
LINCOME:Admission Fee (Upcoming Year) 
^ 
!Account 
NCash
TCash
^ 
!Type:Cash 
D02-02-2016 
T100.00 
PComputer Fee
LINCOME:Computer Fee
^ 
!Account 
NBank
TBank
^ 
!Type:Bank 
D02-02-2016 
T300.00 
PCelebration Fee (Upcoming Year) 
LINCOME:Celebration Fee (Upcoming Year) 
^ 
!Account 
NBank
TBank
^ 
!Type:Bank 
D02-02-2016 
T2000.00 
PSession Fee (Upcoming Year) 
LINCOME:Session Fee (Upcoming Year) 
^ 
!Account 
NBank
TBank
^ 
!Type:Bank 
D02-02-2016 
T2000.00 
PTuition Fee (Upcoming Year) 
LINCOME:Tuition Fee (Upcoming Year) 
^ 
!Account 
NCash
TCash
^ 
!Type:Cash 
D02-02-2016 
T500.00 
PTransport Fee
LINCOME:Transport Fee
^ 
!Account 
NCash
TCash
^ 
!Type:Cash 
D03-02-2016 
T1500.00 
PActivity Charge (Upcoming Year) 
LINCOME:Activity Charge (Upcoming Year) 
^ 
!Account 
NCash
TCash
^ 
!Type:Cash 
D03-02-2016 
T18000.00 
PAdmission Fee (Upcoming Year) 
LINCOME:Admission Fee (Upcoming Year) 
^ 
!Account 
NCash
TCash
^ 
!Type:Cash 
D03-02-2016 
T1100.00 
PComputer Fee (Upcoming Year) 
LINCOME:Computer Fee (Upcoming Year) 
^ 
!Account 
NCash
TCash
^ 
!Type:Cash 
D03-02-2016 
T500.00 
PComputer Induction Fee (Upcoming Year) 
LINCOME:Computer Induction Fee (Upcoming Year) 
^ 
!Account 
NCash
TCash
^ 
!Type:Cash 
D03-02-2016 
T900.00 
PCelebration Fee (Upcoming Year) 
LINCOME:Celebration Fee (Upcoming Year) 
^ 
!Account 
NCash
TCash
^ 
!Type:Cash 
D03-02-2016 
T3000.00 
PSession Fee (Upcoming Year) 
LINCOME:Session Fee (Upcoming Year) 
^ 
!Account 
NCash
TCash
^ 
!Type:Cash 
D03-02-2016 
T22800.00 
PTuition Fee (Upcoming Year) 
LINCOME:Tuition Fee (Upcoming Year) 
^ 
!Account 
NCash
TCash
^ 
!Type:Cash 
D03-02-2016 
T220.00 
PFine (Upcoming Year) 
LINCOME:Fine (Upcoming Year) 
^ 
!Account 
NCash
TCash
^ 
!Type:Cash 
D03-02-2016 
T6300.00 
PTransport Fee
LINCOME:Transport Fee
^ 
