!Account 
NBank:CANARA BANK(5708201000007)
TBank
^ 
!Type:Bank 
D29-03-2018 
T8240.00 
PComputer Fee
LINCOME:Computer Fee
^ 
!Account 
NBank:CANARA BANK(5708201000007)
TBank
^ 
!Type:Bank 
D29-03-2018 
T520.00 
PComputer Fee
LINCOME:Computer Fee
^ 
!Account 
NBank:CANARA BANK(5708201000007)
TBank
^ 
!Type:Bank 
D29-03-2018 
T800.00 
PComputer Induction Fee
LINCOME:Computer Induction Fee
^ 
!Account 
NBank:CANARA BANK(5708201000007)
TBank
^ 
!Type:Bank 
D29-03-2018 
T5400.00 
PCelebration Fee
LINCOME:Celebration Fee
^ 
!Account 
NBank:CANARA BANK(5708201000007)
TBank
^ 
!Type:Bank 
D29-03-2018 
T600.00 
PCelebration Fee
LINCOME:Celebration Fee
^ 
!Account 
NBank:CANARA BANK(5708201000007)
TBank
^ 
!Type:Bank 
D29-03-2018 
T400.00 
PExam Fee Term 1
LINCOME:Exam Fee Term 1
^ 
!Account 
NBank:CANARA BANK(5708201000007)
TBank
^ 
!Type:Bank 
D29-03-2018 
T580.00 
PGenerator Fee
LINCOME:Generator Fee
^ 
!Account 
NBank:CANARA BANK(5708201000007)
TBank
^ 
!Type:Bank 
D29-03-2018 
T40.00 
PGenerator Fee
LINCOME:Generator Fee
^ 
!Account 
NBank:CANARA BANK(5708201000007)
TBank
^ 
!Type:Bank 
D29-03-2018 
T20.00 
PGenerator Fee
LINCOME:Generator Fee
^ 
!Account 
NBank:CANARA BANK(5708201000007)
TBank
^ 
!Type:Bank 
D29-03-2018 
T2700.00 
PLaboratory Fee
LINCOME:Laboratory Fee
^ 
!Account 
NBank:CANARA BANK(5708201000007)
TBank
^ 
!Type:Bank 
D29-03-2018 
T5900.00 
PMagazine and Periodicals Fees

LINCOME:Magazine and Periodicals Fees

^ 
!Account 
NBank:CANARA BANK(5708201000007)
TBank
^ 
!Type:Bank 
D29-03-2018 
T600.00 
PMagazine and Periodicals Fees

LINCOME:Magazine and Periodicals Fees

^ 
!Account 
NBank:CANARA BANK(5708201000007)
TBank
^ 
!Type:Bank 
D29-03-2018 
T63000.00 
PSession Fee
LINCOME:Session Fee
^ 
!Account 
NBank:CANARA BANK(5708201000007)
TBank
^ 
!Type:Bank 
D29-03-2018 
T6700.00 
PSession Fee
LINCOME:Session Fee
^ 
!Account 
NBank:CANARA BANK(5708201000007)
TBank
^ 
!Type:Bank 
D29-03-2018 
T400.00 
PSelection Test (Class 12)
LINCOME:Selection Test (Class 12)
^ 
!Account 
NBank:CANARA BANK(5708201000007)
TBank
^ 
!Type:Bank 
D29-03-2018 
T55390.00 
PTuition Fee
LINCOME:Tuition Fee
^ 
!Account 
NBank:CANARA BANK(5708201000007)
TBank
^ 
!Type:Bank 
D29-03-2018 
T3410.00 
PTuition Fee
LINCOME:Tuition Fee
^ 
!Account 
NBank:CANARA BANK(5708201000007)
TBank
^ 
!Type:Bank 
D30-03-2018 
T740.00 
PComputer Fee
LINCOME:Computer Fee
^ 
!Account 
NBank:CANARA BANK(5708201000007)
TBank
^ 
!Type:Bank 
D30-03-2018 
T440.00 
PComputer Fee
LINCOME:Computer Fee
^ 
!Account 
NBank:CANARA BANK(5708201000007)
TBank
^ 
!Type:Bank 
D30-03-2018 
T400.00 
PComputer Induction Fee
LINCOME:Computer Induction Fee
^ 
!Account 
NBank:CANARA BANK(5708201000007)
TBank
^ 
!Type:Bank 
D30-03-2018 
T900.00 
PCelebration Fee
LINCOME:Celebration Fee
^ 
!Account 
NBank:CANARA BANK(5708201000007)
TBank
^ 
!Type:Bank 
D30-03-2018 
T600.00 
PCelebration Fee
LINCOME:Celebration Fee
^ 
!Account 
NBank:CANARA BANK(5708201000007)
TBank
^ 
!Type:Bank 
D30-03-2018 
T60.00 
PGenerator Fee
LINCOME:Generator Fee
^ 
!Account 
NBank:CANARA BANK(5708201000007)
TBank
^ 
!Type:Bank 
D30-03-2018 
T40.00 
PGenerator Fee
LINCOME:Generator Fee
^ 
!Account 
NBank:CANARA BANK(5708201000007)
TBank
^ 
!Type:Bank 
D30-03-2018 
T40.00 
PGenerator Fee
LINCOME:Generator Fee
^ 
!Account 
NBank:CANARA BANK(5708201000007)
TBank
^ 
!Type:Bank 
D30-03-2018 
T50.00 
PLaboratory Fee
LINCOME:Laboratory Fee
^ 
!Account 
NBank:CANARA BANK(5708201000007)
TBank
^ 
!Type:Bank 
D30-03-2018 
T1000.00 
PMagazine and Periodicals Fees

LINCOME:Magazine and Periodicals Fees

^ 
!Account 
NBank:CANARA BANK(5708201000007)
TBank
^ 
!Type:Bank 
D30-03-2018 
T600.00 
PMagazine and Periodicals Fees

LINCOME:Magazine and Periodicals Fees

^ 
!Account 
NBank:CANARA BANK(5708201000007)
TBank
^ 
!Type:Bank 
D30-03-2018 
T10500.00 
PSession Fee
LINCOME:Session Fee
^ 
!Account 
NBank:CANARA BANK(5708201000007)
TBank
^ 
!Type:Bank 
D30-03-2018 
T6500.00 
PSession Fee
LINCOME:Session Fee
^ 
!Account 
NBank:CANARA BANK(5708201000007)
TBank
^ 
!Type:Bank 
D30-03-2018 
T5200.00 
PTuition Fee
LINCOME:Tuition Fee
^ 
!Account 
NBank:CANARA BANK(5708201000007)
TBank
^ 
!Type:Bank 
D30-03-2018 
T3320.00 
PTuition Fee
LINCOME:Tuition Fee
^ 
!Account 
NBank:CANARA BANK(5708201000007)
TBank
^ 
!Type:Bank 
D31-03-2018 
T16200.00 
PAdmission Fee
LINCOME:Admission Fee
^ 
!Account 
NBank:CANARA BANK(5708201000007)
TBank
^ 
!Type:Bank 
D31-03-2018 
T5240.00 
PComputer Fee
LINCOME:Computer Fee
^ 
!Account 
NBank:CANARA BANK(5708201000007)
TBank
^ 
!Type:Bank 
D31-03-2018 
T1020.00 
PComputer Fee
LINCOME:Computer Fee
^ 
!Account 
NBank:CANARA BANK(5708201000007)
TBank
^ 
!Type:Bank 
D31-03-2018 
T1000.00 
PComputer Induction Fee
LINCOME:Computer Induction Fee
^ 
!Account 
NBank:CANARA BANK(5708201000007)
TBank
^ 
!Type:Bank 
D31-03-2018 
T400.00 
PComputer Induction Fee
LINCOME:Computer Induction Fee
^ 
!Account 
NBank:CANARA BANK(5708201000007)
TBank
^ 
!Type:Bank 
D31-03-2018 
T5400.00 
PCelebration Fee
LINCOME:Celebration Fee
^ 
!Account 
NBank:CANARA BANK(5708201000007)
TBank
^ 
!Type:Bank 
D31-03-2018 
T1500.00 
PCelebration Fee
LINCOME:Celebration Fee
^ 
!Account 
NBank:CANARA BANK(5708201000007)
TBank
^ 
!Type:Bank 
D31-03-2018 
T480.00 
PGenerator Fee
LINCOME:Generator Fee
^ 
!Account 
NBank:CANARA BANK(5708201000007)
TBank
^ 
!Type:Bank 
D31-03-2018 
T100.00 
PGenerator Fee
LINCOME:Generator Fee
^ 
!Account 
NBank:CANARA BANK(5708201000007)
TBank
^ 
!Type:Bank 
D31-03-2018 
T350.00 
PLaboratory Fee
LINCOME:Laboratory Fee
^ 
!Account 
NBank:CANARA BANK(5708201000007)
TBank
^ 
!Type:Bank 
D31-03-2018 
T200.00 
PLaboratory Fee
LINCOME:Laboratory Fee
^ 
!Account 
NBank:CANARA BANK(5708201000007)
TBank
^ 
!Type:Bank 
D31-03-2018 
T6000.00 
PMagazine and Periodicals Fees

LINCOME:Magazine and Periodicals Fees

^ 
!Account 
NBank:CANARA BANK(5708201000007)
TBank
^ 
!Type:Bank 
D31-03-2018 
T1600.00 
PMagazine and Periodicals Fees

LINCOME:Magazine and Periodicals Fees

^ 
!Account 
NBank:CANARA BANK(5708201000007)
TBank
^ 
!Type:Bank 
D31-03-2018 
T63400.00 
PSession Fee
LINCOME:Session Fee
^ 
!Account 
NBank:CANARA BANK(5708201000007)
TBank
^ 
!Type:Bank 
D31-03-2018 
T16900.00 
PSession Fee
LINCOME:Session Fee
^ 
!Account 
NBank:CANARA BANK(5708201000007)
TBank
^ 
!Type:Bank 
D31-03-2018 
T42370.00 
PTuition Fee
LINCOME:Tuition Fee
^ 
!Account 
NBank:CANARA BANK(5708201000007)
TBank
^ 
!Type:Bank 
D31-03-2018 
T8670.00 
PTuition Fee
LINCOME:Tuition Fee
^ 
